%% This BibTeX bibliography file was created using BibDesk.
%% http://bibdesk.sourceforge.net/


%% Created for Jessi Cisewski at 2016-06-22 18:22:30 -0400 


%% Saved with string encoding Unicode (UTF-8) 


@inproceedings{van2007voronoi,
  title={Voronoi tessellations and the cosmic web: Spatial patterns and clustering across the universe},
  author={Van De Weygaert, Rien},
  booktitle={Voronoi Diagrams in Science and Engineering, 2007. ISVD'07. 4th International Symposium on},
  pages={230--239},
  year={2007},
  organization={IEEE}
}

@article{icke1987fragmenting,
  title={Fragmenting the universe},
  author={Icke, Vincent and van de Weygaert, Rien},
  journal={Astronomy and Astrophysics},
  volume={184},
  pages={16--32},
  year={1987}
}



@article{bond1996filaments,
  title={How filaments of galaxies are woven into the cosmic web},
  author={Bond, J Richard and Kofman, Lev and Pogosyan, Dmitry},
  journal={Nature},
  volume={380},
  pages={603--606},
  year={1996}
}

@article{springel2006large,
  title={The large-scale structure of the Universe},
  author={Springel, Volker and Frenk, Carlos S and White, Simon DM},
  journal={Nature},
  volume={440},
  number={7088},
  pages={1137--1144},
  year={2006},
  publisher={Nature Publishing Group}
}

@article{geller1989mapping,
  title={Mapping the universe},
  author={Geller, MargaretJ and HUCHRA, JOHNP},
  journal={Science},
  volume={246},
  number={4932},
  pages={897--903},
  year={1989}
}

@article{gott2005map,
  title={A Map of the Universe},
  author={Gott III, J Richard and Schlegel, David and Hoyle, Fiona and Vogeley, Michael and Tegmark, Max and Bahcall, Neta and Brinkmann, Jon and others},
  journal={The Astrophysical Journal},
  volume={624},
  number={2},
  pages={463},
  year={2005},
  publisher={IOP Publishing}
}

@article{cantalupo2014cosmic,
  title={A cosmic web filament revealed in Lyman-[agr] emission around a luminous high-redshift quasar},
  author={Cantalupo, Sebastiano and Arrigoni-Battaia, Fabrizio and Prochaska, J Xavier and Hennawi, Joseph F and Madau, Piero},
  journal={Nature},
  volume={506},
  number={7486},
  pages={63--66},
  year={2014},
  publisher={Nature Publishing Group}
}


@article{HilbeEtAl2014,
	Author = {Hilbe, Joseph M and Riggs, Jamie and Wandelt, Benjamin D and de Souza, Rafael S and Ishida, Emille EO and Cisewski, Jessi and Surdin, Vladimir and Killedar, Madhura and Trotta, Roberto and Bassett, Bruce and others},
	Date-Added = {2016-06-22 22:20:59 +0000},
	Date-Modified = {2016-06-22 22:22:24 +0000},
	Journal = {Significance},
	Number = {5},
	Pages = {48--75},
	Publisher = {Wiley Online Library},
	Title = {Life, the universe, and everything},
	Volume = {11},
	Year = {2014}}

@article{SchneiderEtAl2012,
	Author = {Schneider, Aurel and Smith, Robert E and Macci{\`o}, Andrea V and Moore, Ben},
	Date-Added = {2016-06-22 22:13:54 +0000},
	Date-Modified = {2016-06-22 22:14:04 +0000},
	Journal = {Monthly Notices of the Royal Astronomical Society},
	Number = {1},
	Pages = {684--698},
	Publisher = {Oxford University Press},
	Title = {Non-linear evolution of cosmological structures in warm dark matter models},
	Volume = {424},
	Year = {2012}}

@article{bendich2014persistent,
	Author = {Bendich, Paul and Marron, JS and Miller, Ezra and Pieloch, Alex and Skwerer, Sean},
	Journal = {arXiv preprint arXiv:1411.6652},
	Title = {Persistent homology analysis of brain artery trees},
	Year = {2014}}

@article{fasy2014confidence,
	Author = {Fasy, Brittany Terese and Lecci, Fabrizio and Rinaldo, Alessandro and Wasserman, Larry and Balakrishnan, Sivaraman and Singh, Aarti and others},
	Journal = {The Annals of Statistics},
	Number = {6},
	Pages = {2301--2339},
	Publisher = {Institute of Mathematical Statistics},
	Title = {Confidence sets for persistence diagrams},
	Volume = {42},
	Year = {2014}}

@article{robinson2013hypothesis,
	Author = {Robinson, Andrew and Turner, Katharine},
	Journal = {arXiv preprint arXiv:1310.7467},
	Title = {Hypothesis Testing for Topological Data Analysis},
	Year = {2013}}

@article{ernst2004permutation,
	Author = {Ernst, Michael D and others},
	Journal = {Statistical Science},
	Number = {4},
	Pages = {676--685},
	Publisher = {Institute of Mathematical Statistics},
	Title = {Permutation methods: a basis for exact inference},
	Volume = {19},
	Year = {2004}}

@article{chepushtanova2015persistence,
	Author = {Chepushtanova, Sofya and Emerson, Tegan and Hanson, Eric and Kirby, Michael and Motta, Francis and Neville, Rachel and Peterson, Chris and Shipman, Patrick and Ziegelmeier, Lori},
	Journal = {arXiv preprint arXiv:1507.06217},
	Title = {Persistence Images: An Alternative Persistent Homology Representation},
	Year = {2015}}

@article{reininghaus2014stable,
	Author = {Reininghaus, Jan and Huber, Stefan and Bauer, Ulrich and Kwitt, Roland},
	Journal = {arXiv preprint arXiv:1412.6821},
	Title = {A Stable Multi-Scale Kernel for Topological Machine Learning},
	Year = {2014}}

@article{carriere2015local,
	Author = {Carriere, Mathieu and Oudot, Steve and Ovsjanikov, Maks},
	Title = {Local Signatures using Persistence Diagrams},
	Year = {2015}}

@inproceedings{carriere2015stable,
	Author = {Carri{\`e}re, Mathieu and Oudot, Steve Y and Ovsjanikov, Maks},
	Booktitle = {Computer Graphics Forum},
	Number = {5},
	Organization = {Wiley Online Library},
	Pages = {1--12},
	Title = {Stable topological signatures for points on 3d shapes},
	Volume = {34},
	Year = {2015}}

@inproceedings{chazal2014stochastic,
	Author = {Chazal, Fr{\'e}d{\'e}ric and Fasy, Brittany Terese and Lecci, Fabrizio and Rinaldo, Alessandro and Wasserman, Larry},
	Booktitle = {Proceedings of the thirtieth annual symposium on Computational geometry},
	Organization = {ACM},
	Pages = {474},
	Title = {Stochastic convergence of persistence landscapes and silhouettes},
	Year = {2014}}

@article{duong2013local,
	Author = {Duong, Tarn},
	Journal = {Journal of Nonparametric Statistics},
	Number = {3},
	Pages = {635--645},
	Publisher = {Taylor \& Francis},
	Title = {Local significant differences from nonparametric two-sample tests},
	Volume = {25},
	Year = {2013}}

@article{duong2012closed,
	Author = {Duong, Tarn and Goud, Bruno and Schauer, Kristine},
	Journal = {Proceedings of the National Academy of Sciences},
	Number = {22},
	Pages = {8382--8387},
	Publisher = {National Acad Sciences},
	Title = {Closed-form density-based framework for automatic detection of cellular morphology changes},
	Volume = {109},
	Year = {2012}}

@article{bubenik2015statistical,
  title={Statistical topological data analysis using persistence landscapes},
  author={Bubenik, Peter},
  journal={Journal of Machine Learning Research},
  volume={16},
  number={1},
  pages={77--102},
  year={2015}
}


@article{chazal2011geometric,
	Author = {Chazal, Fr{\'e}d{\'e}ric and Cohen-Steiner, David and M{\'e}rigot, Quentin},
	Journal = {Foundations of Computational Mathematics},
	Number = {6},
	Pages = {733--751},
	Publisher = {Springer},
	Title = {Geometric inference for probability measures},
	Volume = {11},
	Year = {2011}}

@inproceedings{van2011alpha,
	Author = {Van De Weygaert, Rien and Vegter, Gert and Edelsbrunner, Herbert and Jones, Bernard JT and Pranav, Pratyush and Park, Changbom and Hellwing, Wojciech A and Eldering, Bob and Kruithof, Nico and Bos, EGP and others},
	Booktitle = {Transactions on Computational Science XIV},
	Organization = {Springer-Verlag},
	Pages = {60--101},
	Title = {Alpha, betti and the megaparsec universe: on the topology of the cosmic web},
	Year = {2011}}

@article{vanvoronoi,
	Author = {van de Weygaert, Rien and Icke, Vincent},
	Title = {Voronoi Vertices as Abell Clusters}}

@article{icke1991galaxy,
	Author = {Icke, Vincent and van de Weygaert, Rien},
	Journal = {Quarterly Journal of the Royal Astronomical Society},
	Pages = {85--112},
	Title = {The galaxy distribution as a Voronoi foam},
	Volume = {32},
	Year = {1991}}

@article{gretton2012kernel,
	Author = {Gretton, Arthur and Borgwardt, Karsten M and Rasch, Malte J and Sch{\"o}lkopf, Bernhard and Smola, Alexander},
	Journal = {The Journal of Machine Learning Research},
	Number = {1},
	Pages = {723--773},
	Publisher = {JMLR. org},
	Title = {A kernel two-sample test},
	Volume = {13},
	Year = {2012}}

@article{cisewski2014non,
	Author = {Cisewski, Jessi and Croft, Rupert AC and Freeman, Peter E and Genovese, Christopher R and Khandai, Nishikanta and Ozbek, Melih and Wasserman, Larry},
	Journal = {Monthly Notices of the Royal Astronomical Society},
	Number = {3},
	Pages = {2599--2609},
	Publisher = {Oxford University Press},
	Title = {Non-parametric 3D map of the intergalactic medium using the Lyman-alpha forest},
	Volume = {440},
	Year = {2014}}

@article{springel2001populating,
	Author = {Springel, Volker and White, Simon DM and Tormen, Giuseppe and Kauffmann, Guinevere},
	Journal = {Monthly Notices of the Royal Astronomical Society},
	Number = {3},
	Pages = {726--750},
	Publisher = {Oxford University Press},
	Title = {Populating a cluster of galaxies--I. Results at z= 0},
	Volume = {328},
	Year = {2001}}

@article{schaye2015eagle,
	Author = {Schaye, Joop and Crain, Robert A and Bower, Richard G and Furlong, Michelle and Schaller, Matthieu and Theuns, Tom and Dalla Vecchia, Claudio and Frenk, Carlos S and McCarthy, IG and Helly, John C and others},
	Journal = {Monthly Notices of the Royal Astronomical Society},
	Number = {1},
	Pages = {521--554},
	Publisher = {Oxford University Press},
	Title = {The EAGLE project: simulating the evolution and assembly of galaxies and their environments},
	Volume = {446},
	Year = {2015}}

@article{viel2013warm,
	Author = {Viel, Matteo and Becker, George D and Bolton, James S and Haehnelt, Martin G},
	Journal = {Physical Review D},
	Number = {4},
	Pages = {043502},
	Publisher = {APS},
	Title = {Warm dark matter as a solution to the small scale crisis: New constraints from high redshift Lyman-$\alpha$ forest data},
	Volume = {88},
	Year = {2013}}

@article{lovell2014properties,
	Author = {Lovell, Mark R and Frenk, Carlos S and Eke, Vincent R and Jenkins, Adrian and Gao, Liang and Theuns, Tom},
	Journal = {Monthly Notices of the Royal Astronomical Society},
	Number = {1},
	Pages = {300--317},
	Publisher = {Oxford University Press},
	Title = {The properties of warm dark matter haloes},
	Volume = {439},
	Year = {2014}}


@article{chazal2014robust,
	Author = {Chazal, Fr{\'e}d{\'e}ric and Fasy, Brittany T and Lecci, Fabrizio and Michel, Bertrand and Rinaldo, Alessandro and Wasserman, Larry},
	Journal = {arXiv preprint arXiv:1412.7197},
	Title = {Robust Topological Inference: Distance To a Measure and Kernel Distance},
	Year = {2014}}

@article{landy1993bias,
	Author = {Landy, Stephen D and Szalay, Alexander S},
	Journal = {The Astrophysical Journal},
	Pages = {64--71},
	Title = {Bias and variance of angular correlation functions},
	Volume = {412},
	Year = {1993}}

@article{chen2015statistical,
  title={Statistical analysis of persistence intensity functions},
  author={Chen, Yen-Chi and Wang, Daren and Rinaldo, Alessandro and Wasserman, Larry},
  journal={arXiv preprint arXiv:1510.02502},
  year={2015}}

@article{adams2015persistent,
	Title={Persistent images: A stable vector representation of persistent homology},
	Author={Adams, Henry and Chepushtanova, Sofya and Emerson, Tegan and Hanson, Eric and Kirby, Michael and Motta, Francis and Neville, Rachel and Peterson, Chris and Shipman, Patrick and Ziegelmeier, Lori},
	Journal={arXiv preprint arXiv:1507.06217},
	Year={2015}}

@article{davis1985evolution,
  title={The evolution of large-scale structure in a universe dominated by cold dark matter},
  author={Davis, Marc and Efstathiou, George and Frenk, Carlos S and White, Simon DM},
  journal={The Astrophysical Journal},
  volume={292},
  pages={371--394},
  year={1985}}

@article{cooray2002halo,
  title={Halo models of large scale structure},
  author={Cooray, Asantha and Sheth, Ravi},
  journal={Physics Reports},
  volume={372},
  number={1},
  pages={1--129},
  year={2002},
  publisher={Elsevier}}

@article{centrella1983three,
  title={Three-dimensional simulation of large-scale structure in the universe},
  author={Centrella, Joan and Melott, Adrian L},
  year={1983},
  publisher={Nature Publishing Group}}

@article{doroshkevich1980two,
  title={Two-dimensional simulation of the gravitational system dynamics and formation of the large-scale structure of the universe},
  author={Doroshkevich, AG and Kotok, EV and Novikov, ID and Polyudov, AN and Shandarin, SF and Sigov, Yu S},
  journal={Monthly Notices of the Royal Astronomical Society},
  volume={192},
  number={2},
  pages={321--337},
  year={1980},
  publisher={Oxford University Press}}

@book{edelsbrunner2010computational,
  title={Computational topology: an introduction},
  author={Edelsbrunner, Herbert and Harer, John},
  year={2010},
  publisher={American Mathematical Soc.}}

@book{hatcher2002algebraic,
  title={Algebraic topology},
  author={Hatcher, Allen},
  year={2002},
  publisher={清华大学出版社有限公司}}

@book{munkres1984elements,
  title={Elements of algebraic topology},
  author={Munkres, James R},
  volume={2},
  year={1984},
  publisher={Addison-Wesley Menlo Park}}

@article{cohen2007stability,
  title={Stability of persistence diagrams},
  author={Cohen-Steiner, David and Edelsbrunner, Herbert and Harer, John},
  journal={Discrete \& Computational Geometry},
  volume={37},
  number={1},
  pages={103--120},
  year={2007},
  publisher={Springer}}

